
@book{rezende2006engenharia,
  title="Engenharia de software e sistemas de informa{\c{c}}{\~a}o",
  author="Rezende, Denis Alcides",
  year="2006",
  publisher="Brasport"
}

@misc{Intro,
  title="IF803 - Introdução à Biologia Molecular Computacional",
  author="CIn/UFPE",
  url="https://cin.ufpe.br/~if803/",
  keywords="biologia, molecular, computacional"
}

@misc{computador1,
    title="Engenharia de software e sistemas",
    author="unknown",
    url = "https://vimaponto.com/wp-content/uploads/2020/04/35562-e1590761374830.jpg",
    keywords="imagem, ilustrativa,desenvolvimento,software, sistemas"}
    
@misc{relacao,
title="Apresentação do Curso",
author= "cIN UFPE",
url ="https://sites.google.com/a/cin.ufpe.br/if682/",
keywords="relação, programção, algorimos"
}

@misc{Objetivos,
    title="Programação de aulas - IF803 - Introdução à Biologia Molecular Computacional",
    author="Prof. Paulo Borba, Prof. Kiev Prof Vinicius Garcia, /",
    url="https://cin.ufpe.br/~pet/wiki/Engenharia_de_Software_e_Sistemas",
    keywords="engenharia, software, sistemas"
    }